%%% ====================================================================
%%%  BibTeX-file{
%%%     author          = "David Rhead",
%%%     version         = "1.00",
%%%     date            = "17 Feb 1990",
%%%     time            = "17:00 GMT",
%%%     filename        = "test.bib",
%%%     address         = "Cripps Computing Centre,
%%%                        University of Nottingham,
%%%                        University Park,
%%%                        Nottingham,
%%%                        NG7 2RD,
%%%                        United Kingdom",
%%%     telephone       = "+44 602 484848 Ext 2670",
%%%     FAX             = "+44 602 588138",
%%%     checksum        = "05151 839 2908 25082",
%%%     email           = "David_Rhead at uk.ac.nott.vme (JANET)",
%%%     codetable       = "ISO/ASCII",
%%%     keywords        = "bibliography, citation, references",
%%%     supported       = "no",
%%%     docstring       = "This BibTeX database file contains entries
%%%                        designed for testing whether a BibTeX style
%%%                        file lays references out as recommended by
%%%                        certain authorities.  (Note, however, that
%%%                        the BS 1629 examples are from the 1976
%%%                        edition.  The file needs updating to use
%%%                        examples from the 1989 edition instead.)
%%%
%%%                        The checksum field above contains a CRC-16
%%%                        checksum as the first value, followed by the
%%%                        equivalent of the standard UNIX wc (word
%%%                        count) utility output of lines, words, and
%%%                        characters.  This is produced by Robert
%%%                        Solovay's checksum utility.",
%%%  }
%%% ====================================================================
%% @COMMENT{Some other standard works describing conventions for citations
%%      and bibliographies}


 @Inproceedings{Martin-90,
  author = 	 "Martin, L.E.",
  title = 	 "Knowledge Extraction",
  booktitle = "Proceedings of the Twelfth Annual Conference of the Cognitive Science Society",
  year = 	 "1990",
  month = 	 "",
  date =     "",
  pages = 	 "252--262",
  address =  "Hillsdale, NJ",
  editor = 	 "",
  publisher = "Lawrence Erlbaum Associates",
  isbn = "",
}


@Book{Chercheur-94,
  title =        {Case-Based Reasoning},
  author =       "J.L. Chercheur",
  publisher =    "Morgan Kaufman Publishers",
  year =         "1994",
  edition =      "2nd",
  address =      "San Mateo, CA",
}

@Article{CastorPollux-92,
  author =       "A. Castor and L. E. Pollux",
  title =        "The Use of user modelling to guide inference and learning",
  journal =      "Applied Intelligence",
  volume =       "2(1)",
  pages =        "37--53",
  year =         "1992",
}

@Phdthesis{Salia-11,
  author =       "R. Salia",
  year =         "2011",
  title =        "Between {Arabic} and {French} Lies the Dialect: {Moroccan} Code-Weaving on Facebook",
  school =       "Columbia University",
  type =         "Undergraduate Thesis",
}

@Phdthesis{Zavatta-92,
  author =       "A. Zavatta",
  year =         "1992",
  title =        "Un Générateur d'Insultes s'intégrant dans un Système de Dialogue Humain-Machine.",
  school =       "Université Paris-sud, Centre d'Orsay",
  type =         "Thèse de Doctorat en Informatique",
}

@Inbook{Grandchercheur-83,
  author =       "L. B. Grandchercheur",
  title =        "Vers une modélisation cognitive de l'être et du néant",
  booktitle =    "Fondement des Sciences Cognitives",
  editor =       "S. G. Paris and G. M. Olson anf H. W. Stevenson",
  publisher =    "Lawrence Erlbaum Associates",
  year =         "1983",
  pages =        "6--38",
  address =      "Hillsdale, N.J."
}

%fictitious reference
@Book{Superman-Batman-Catwoman-Spiderman-00,
  author =       "S. Superman and B. Batman and C. Catwoman and S. Spiderman",
  title =        "Superheroes experiences with books",
  journal =      "Journal journal journal",
  year =         "2000",
  publisher =    "The Phantom Editors Associates",
  edition =      "20th",
  address =      "Gotham City",
}

%% @COMMENT{Other examples taken from the document describing BS 5605}
@Book{chicago-82,
  title =        "The {C}hicago Manual of Style",
  author =       "`Chicago'",
  year =         "1982",
  publisher =    "University of Chicago Press",
  edition =      "13th",
}
@inproceedings{joshi1982processing,
		  title={Processing of Sentences with Intra-sentential Code-switching},
		    author={Joshi, Aravind K},
			  booktitle={Proceedings of the 9th conference on Computational linguistics-Volume 1},
			    pages={145--150},
				  year={1982},
				    organization={Academia Praha}
}
@inproceedings{rosner2007tagging,
		  title={A Tagging Algorithm for Mixed Language Identification in a Noisy Domain.},
		    author={Rosner, Mike and Farrugia, Paulseph-John},
			  booktitle={INTERSPEECH},
			    pages={190--193},
				  year={2007}
}

@Article{Kecskes-02,
  author =       "I Kecskes",
  title =        "A Dual Language Model to Explain Code-Switching: A Cognitive-Pragmatic Approach",
  journal =      "Intercultural Pragmatics ",
  volume =       "3",
  pages =        "257--283",
  year =         "2006",
}

@Article{howells-66-pop,
  author =       "W. W. Howells",
  title =        "Population Distances: Biological, Linguistic,
                 Geographical and Environmental",
  journal =      "Current Anthropology",
  volume =       "7",
  pages =        "531--540",
  year =         "1966",
}

@Manual{anon-67,
  author =       "Anon.",
  title =        "Title title title title title title title title title
                 title",
  organization = "Organization organization organization",
  year =         "1967",
}

@Incollection{hanson-67,
  author =       "C. W. Hanson",
  title =        "Subject inquiries and literature searching",
  booktitle =    "Handbook of special librarianship and information
                 work",
  editor =       "W. Ashworth",
  year =         "1967",
  edition =      "3rd",
  pages =        "414--452",
}

@Inbook{wright-63,
  author =       "R. C. Wright",
  title =        "Report Literature",
  booktitle =    "Special Materials in the Library",
  editor =       "J. Burkett and T. S. Morgan",
  year =         "1963",
  pages =        "46--59",
}

%% @COMMENT{Some examples taken from document describing BS 1629}

@Book{hoel-71-whole,
  author =       "Paul Gerhard Hoel",
  title =        "Elementary Statistics",
  publisher =    "Wiley",
  year =         "1971",
  series =       "Wiley series in probability and mathematical
                 statistics",
  address =      "New York, Chichester",
  edition =      "3rd",
  note =         "ISBN 0~471~40300",
}

@Inbook{hoel-71-portion,
  author =       "Paul Gerhard Hoel",
  title =        "Elementary Statistics",
  publisher =    "Wiley",
  year =         "1971",
  series =       "Wiley series in probability and mathematical
                 statistics",
  address =      "New York, Chichester",
  edition =      "3rd",
  note =         "ISBN 0~471~40300",
  pages =        "19--33",
}

@Book{singer-whole,
  year =         "1954--58",
  editor =       "Charles Joseph Singer and E. J. Holmyard and A. R.
                 Hall",
  title =        "A history of technology",
  address =      "London",
  publisher =    "Oxford University Press",
  note =         "5 vol.",
}

@Incollection{singer-portion-chapter,
  title =        "The late nineteenth century",
  year =         "1954--58",
  editor =       "Charles Joseph Singer and E. J. Holmyard and A. R.
                 Hall",
  booktitle =    "A history of technology",
  address =      "London",
  publisher =    "Oxford University Press",
  type =         "Vol.",
  chapter =      "5",
}

@Inproceedings{chomsky-73,
  author =       "N. Chomsky",
  year =         "1973",
  title =        "Conditions on Transformations",
  booktitle =    "A festschrift for {Morris Halle}",
  editor =       "S. R. Anderson and P. Kiparsky",
  publisher =    "Holt, Rinehart \& Winston",
  address =      "New York",
}

@Manual{bs-2570-manual,
  author =       "BSI",
  title =        "Natural Fibre Twines",
  organization = "British Standards Institution",
  address =      "London",
  edition =      "3rd",
  year =         "1973",
  note =         "BS 2570",
}

@Techreport{bs-2570-techreport,
  author =       "BSI",
  title =        "Natural Fibre Twines",
  institution =  "British Standards Institution",
  address =      "London",
  year =         "1973",
  type =         "BS",
  number =       "2570",
  note =         "3rd. edn.",
}


@Techreport{winget-67,
  author =       "{Winget Ltd.}",
  title =        "Detachable Bulldozer Attachment for Dumper Vehicles",
  year =         "1967",
  type =         "GB Patent Specification",
  number =       "1060631",
  month =        "8~" # mar,
}

@inproceedings{yang2013log,
  title={A log-linear model for unsupervised text normalization},
  author={Yang, Yi and Eisenstein, Jacob},
  booktitle={Proc. of EMNLP},
  year={2013}
}

@article{kachru1977linguistic,
		  title={Linguistic Schizophrenia and Language ensus: A Note on the {Indian} Situation},
		    author={Kachru, Braj B},
			  journal={Linguistics},
			    volume={15},
				  number={186},
				    pages={17--32},
					  year={1977}
}
@inproceedings{nguyen2013word,
		  title={Word level Language Identification in Online Multilingual Communication},
		    author={Nguyen, Dong-Phuong and Dogruoz, AS},
			  year={2013},
			    organization={Association for Computational Linguistics}
}
@inproceedings{elfardy2012token,
		  title={Token Level Identification of Linguistic Code Switching.},
		    author={Elfardy, Heba and Diab, Mona T},
			  booktitle={COLING (Posters)},
			    pages={287--296},
				  year={2012}
}
@inproceedings{irvine2012processing,
		  title={Processing informal, {Romanized} {Pakistani} Text Messages},
		    author={Irvine, Ann and Weese, Jonathan and Callison-Burch, Chris},
			  booktitle={Proceedings of the Second Workshop on Language in Social Media},
			    pages={75--78},
				  year={2012},
				    organization={Association for Computational Linguistics}
}
@article{palfreyman2003funky,
		  title={¿A Funky Language for Teenzz to Use:¿ Representing Gulf {Arabic} in Instant Messaging},
		    author={Palfreyman, David and Khalil, Muhamed al},
			  journal={Journal of Computer-Mediated Communication},
			    volume={9},
				  number={1},
				    pages={0--0},
					  year={2003},
					    publisher={Wiley Online Library}
}
@article{yaghan2008arabizi,
		  title={{Arabizi}: A Contemporary Style of {Arabic} Slang},
		    author={Yaghan, Mohammad Ali},
			  journal={Design Issues},
			    volume={24},
				  number={2},
				    pages={39--52},
					  year={2008},
					    publisher={MIT Press}
}
@inproceedings{Darwish:2012:LPA:2396761.2398658,
		 author = {Darwish, Kareem and Magdy, Walid and Mourad, Ahmed},
		  title = {Language Processing for {Arabic} Microblog Retrieval},
		   booktitle = {Proceedings of the 21st ACM International Conference on Information and Knowledge Management},
		    series = {CIKM '12},
			 year = {2012},
			  isbn = {978-1-4503-1156-4},
			   location = {Maui, Hawaii, USA},
			    pages = {2427--2430},
				 numpages = {4},
				  url = {http://doi.acm.org/10.1145/2396761.2398658},
				   doi = {10.1145/2396761.2398658},
				    acmid = {2398658},
					 publisher = {ACM},
					  address = {New York, NY, USA},
					   keywords = {{Arabic} retrieval, {Arabic} twitter, dialect {Arabic} normalization, microblog search},
}
@article{bentahila1983syntax,
  title={The syntax of {Arabic}-{French} code-switching},
  author={Bentahila, Abdelali and Davies, Eirlys E},
  journal={Lingua},
  volume={59},
  number={4},
  pages={301--330},
  year={1983},
  publisher={Elsevier}
}

@article{poplack1988contrasting,
  title={Contrasting patterns of code-switching in two communities},
  author={Poplack, Shana},
  journal={Codeswitching: Anthropological and Sociolinguistic Perspectives. New York: Mouton de Gruyter},
  pages={215--244},
  year={1988}
}


@book{callahan2004spanish,
  title={Spanish/English codeswitching in a written corpus},
  author={Callahan, Laura},
  volume={27},
  year={2004},
  publisher={John Benjamins Publishing}
}

@article{carter2010corpus,
  title={A Corpus-Based Analysis of Codeswitching Patterns in Bilingual Communities},
  author={Carter, Diana and Davies, Peredur and Couto, Ma Carmen Parafita and Deuchar, Margaret},
  journal={Revista Espa{\~n}ola de Ling{\"u}{\'\i}stica},
  year={2010}
}


@article{siebenhaar2006code,
  title={Code choice and code-switching in {Swiss-German} {Internet Relay Chat} rooms},
  author={Siebenhaar, Beat},
  journal={Journal of Sociolinguistics},
  volume={10},
  number={4},
  pages={481--506},
  year={2006},
  publisher={Wiley Online Library}
}

@article{myers2001calculating,
  title={Calculating speakers: Codeswitching in a rational choice model},
  author={Myers-Scotton, Carol and Bolonyai, Agnes},
  journal={Language in Society},
  volume={30},
  number={1},
  pages={1--28},
  year={2001},
  publisher={Cambridge Univ Press}
}

@article{myers1993common,
  title={Common and uncommon ground: Social and structural factors in codeswitching},
  author={Myers-Scotton, Carol},
  journal={Language in Society},
  volume={22},
  pages={475--475},
  year={1993},
  publisher={Cambridge Univ Press}
}
@book{bullock2009cambridge,
	title={The Cambridge handbook of linguistic code-switching},
	author={Bullock, Barbara E and Toribio, Almeida Jacqueline},
	year={2009},
	publisher={Cambridge University Press Cambridge}
}
@inproceedings{solorio2008learning,
  title={Learning to predict code-switching points},
  author={Solorio, Thamar and Liu, Yang},
  booktitle={Proceedings of the Conference on Empirical Methods in Natural Language Processing},
  pages={973--981},
  year={2008}, organization={Association for Computational Linguistics}
}

@article{auer1999codeswitching,
  title={From Codeswitching via Language Mixing to Fused Lects Toward a Dynamic Typology of Bilingual Speech},
  author={Auer, Peter},
  journal={International Journal of Bilingualism},
  volume={3},
  number={4},
  pages={309--332},
  year={1999},
  publisher={SAGE Publications}
}
@inproceedings{cotterell2014extended,
  title={The Extended {Arabic} Online Commentary Dataset},
  author={Cotterell, Ryan and Callison-Burch, Chris},
  booktitle={LREC},
  year={2014}
}
;
