%%% ====================================================================
%%%  BibTeX-file{
%%%     author          = "David Rhead",
%%%     version         = "1.00",
%%%     date            = "17 Feb 1990",
%%%     time            = "17:00 GMT",
%%%     filename        = "test.bib",
%%%     address         = "Cripps Computing Centre,
%%%                        University of Nottingham,
%%%                        University Park,
%%%                        Nottingham,
%%%                        NG7 2RD,
%%%                        United Kingdom",
%%%     telephone       = "+44 602 484848 Ext 2670",
%%%     FAX             = "+44 602 588138",
%%%     checksum        = "05151 839 2908 25082",
%%%     email           = "David_Rhead at uk.ac.nott.vme (JANET)",
%%%     codetable       = "ISO/ASCII",
%%%     keywords        = "bibliography, citation, references",
%%%     supported       = "no",
%%%     docstring       = "This BibTeX database file contains entries
%%%                        designed for testing whether a BibTeX style
%%%                        file lays references out as recommended by
%%%                        certain authorities.  (Note, however, that
%%%                        the BS 1629 examples are from the 1976
%%%                        edition.  The file needs updating to use
%%%                        examples from the 1989 edition instead.)
%%%
%%%                        The checksum field above contains a CRC-16
%%%                        checksum as the first value, followed by the
%%%                        equivalent of the standard UNIX wc (word
%%%                        count) utility output of lines, words, and
%%%                        characters.  This is produced by Robert
%%%                        Solovay's checksum utility.",
%%%  }
%%% ====================================================================
%% @COMMENT{Some other standard works describing conventions for citations
%%      and bibliographies}


@inproceedings{zaidan2011arabic,
  title={The {Arabic} online commentary dataset: an annotated dataset of informal {Arabic} with high dialectal content},
  author={Zaidan, Omar F and Callison-Burch, Chris},
  booktitle={Proceedings of the 49th Annual Meeting of the Association for Computational Linguistics: Human Language Technologies: short papers-Volume 2},
  pages={37--41},
  year={2011},
  organization={Association for Computational Linguistics}
}

@inproceedings{zbib2012machine,
  title={Machine translation of {Arabic} dialects},
  author={Zbib, Rabih and Malchiodi, Erika and Devlin, Jacob and Stallard, David and Matsoukas, Spyros and Schwartz, Richard and Makhoul, John and Zaidan, Omar F and Callison-Burch, Chris},
  booktitle={Proceedings of the 2012 Conference of the North American Chapter of the Association for Computational Linguistics: Human Language Technologies},
  pages={49--59},
  year={2012},
  organization={Association for Computational Linguistics}
}

@incollection{elfardy2013code,
  title={Code Switch Point Detection in {Arabic}},
  author={Elfardy, Heba and Al-Badrashiny, Mohamed and Diab, Mona},
  booktitle={Natural Language Processing and Information Systems},
  pages={412--416},
  year={2013},
  publisher={Springer}
}

@article{elfardy2013sentence,
  title={Sentence Level Dialect Identification in {Arabic}},
  author={Elfardy, Heba and Diab, Mona},
  year = {2013}

}

@inproceedings{al2012yadac,
  title={{YADAC}: Yet another Dialectal {Arabic} Corpus.},
  author={Al-Sabbagh, Rania and Girju, Roxana},
  booktitle={LREC},
  pages={2882--2889},
  year={2012}
}

@inproceedings{al2010mining,
  title={Mining the Web for the Induction of a Dialectical {Arabic} Lexicon.},
  author={Al-Sabbagh, Rania and Girju, Roxana},
  booktitle={LREC},
  year={2010}
}

@inproceedings{diab2010colaba,
  title={{COLABA}: {Arabic} dialect annotation and processing},
  author={Diab, Mona and Habash, Nizar and Rambow, Owen and Altantawy, Mohamed and Benajiba, Yassine},
  booktitle={LREC Workshop on Semitic Language Processing},
  pages={66--74},
  year={2010}
}

@inproceedings{elfardy2012simplified,
  title={Simplified guidelines for the creation of Large Scale Dialectal {Arabic} Annotations.},
  author={Elfardy, Heba and Diab, Mona T},
  booktitle={LREC},
  pages={371--378},
  year={2012}

}

@inproceedings{elfardy2012AIDA,
     title = {{AIDA}: Automatic Identification and Glossing of Dialectal {Arabic}.},
  author={Elfardy, Heba and Diab, Mona T},
year={2012}
 
}

@article{pedregosa2011scikit,
  title={Scikit-learn: Machine learning in Python},
  author={Pedregosa, Fabian and Varoquaux, Ga{\"e}l and Gramfort, Alexandre and Michel, Vincent and Thirion, Bertrand and Grisel, Olivier and Blondel, Mathieu and Prettenhofer, Peter and Weiss, Ron and Dubourg, Vincent and others},
  journal={The Journal of Machine Learning Research},
  volume={12},
  pages={2825--2830},
  year={2011},
  publisher={JMLR. org}
}

@inproceedings{callison2010creating,
  title={Creating speech and language data with Amazon's Mechanical Turk},
  author={Callison-Burch, Chris and Dredze, Mark},
  booktitle={Proceedings of the NAACL HLT 2010 Workshop on Creating Speech and Language Data with Amazon's Mechanical Turk},
  pages={1--12},
  year={2010},
  organization={Association for Computational Linguistics}
}

@inproceedings{zaidan2011crowdsourcing,
  title={Crowdsourcing translation: Professional quality from non-professionals},
  author={Zaidan, Omar F and Callison-Burch, Chris},
  booktitle={Proceedings of the 49th Annual Meeting of the Association for Computational Linguistics: Human Language Technologies-Volume 1},
  pages={1220--1229},
  year={2011},
  organization={Association for Computational Linguistics}
}

@article{tratz2013tweet,
  title={Tweet Conversation Annotation Tool with a Focus on an {Arabic} Dialect, {Moroccan Darija}},
  author={Tratz, Stephen and Briesch, Douglas and Laoudi, Jamal and Voss, Clare},
  journal={LAW VII \& ID},
  pages={135},
  year={2013}
}

@inproceedings{elfardy2012token,
  title = {Token Level IdentiÔ¨Åcation of Linguistic Code Switching},
  author = {Elfardy, Heba and Diab, Mona},
  year = {2012}

}

@inproceedings{yang2013log,
  title={A log-linear model for unsupervised text normalization},
  author={Yang, Yi and Eisenstein, Jacob},
  booktitle={Proc. of EMNLP},
  year={2013}
}

@inproceedings{eisenstein2013phonological,
    title = {Phonological factors in social media writing},
    author = {Jacob Eisenstein},
    year = {2013}
}

@article{mcnamee2005language,
  title={Language identification: a solved problem suitable for undergraduate instruction},
  author={McNamee, Paul},
  journal={Journal of Computing Sciences in Colleges},
  volume={20},
  number={3},
  pages={94--101},
  year={2005},
  publisher={Consortium for Computing Sciences in Colleges}
}

@book{comrie2013major,
  title={The Major Languages of South Asia, the Middle East and Africa},
  author={Comrie, Bernard},
  year={2013},
  publisher={Routledge}
}